@article{Brooks:1987:NSB,
  author =	 {Brooks,Jr., Frederick P.},
  title =	 {No Silver Bullet - Essence and Accidents of Software
                  Engineering},
  journal =	 {Computer},
  issue_date =	 {April 1987},
  volume =	 20,
  number =	 4,
  month =	 apr,
  year =	 1987,
  issn =	 {0018-9162},
  pages =	 {10--19},
  numpages =	 10,
  url =		 {https://doi.org/10.1109/MC.1987.1663532},
  doi =		 {10.1109/MC.1987.1663532},
  acmid =	 26441,
  publisher =	 {IEEE Computer Society Press},
  address =	 {Los Alamitos, CA, USA},
}

@book{Brooks:1995:MM,
  author =	 {Brooks,Jr., Frederick P.},
  title =	 {The Mythical Man-month (Anniversary Ed.)},
  year =	 1995,
  isbn =	 {0-201-83595-9},
  publisher =	 {Addison-Wesley Longman Publishing Co., Inc.},
  address =	 {Boston, MA, USA},
}
@Book{Hofstadter:1979:GEB,
  author =	 {Hofstadter, Douglas R.},
  title =	 {Gödel, Escher, Bach: An Eternal Golden Braid},
  year =	 1979,
  isbn =	 0465026850,
  publisher =	 {Basic Books, Inc.},
  address =	 {New York, NY, USA},
}

@article{Lenat:1983:Eurisko,
  author =	 {Lenat, Douglas B.},
  title =	 {Eurisko: A Program That Learns New Heuristics and
                  Domain Concepts},
  journal =	 {Artif. Intell.},
  issue_date =	 {March, 1983},
  volume =	 21,
  number =	 {1-2},
  month =	 mar,
  year =	 1983,
  issn =	 {0004-3702},
  pages =	 {61--98},
  numpages =	 38,
  url =		 {http://dx.doi.org/10.1016/S0004-3702(83)80005-8},
  doi =		 {10.1016/S0004-3702(83)80005-8},
  acmid =	 1644660,
  publisher =	 {Elsevier Science Publishers Ltd.},
  address =	 {Essex, UK},
}

@article{Lenat:1983:theory,
  title={Theory formation by heuristic search: The nature of heuristics II: background and examples},
  author={Lenat, Douglas B},
  journal={Artificial Intelligence},
  volume={21},
  number={1-2},
  pages={31--59},
  year={1983},
  url={https://blog.funcall.org/docs/am-eurisko/Heuristics_II.pdf},
  publisher={Elsevier}
}

@article{Lenat:1991:ev-cycl,
  author =	 {Lenat, Douglas B. and Guha, R. V.},
  title =	 {The Evolution of CycL, the Cyc Representation
                  Language},
  journal =	 {SIGART Bull.},
  issue_date =	 {June 1991},
  volume =	 2,
  number =	 3,
  month =	 jun,
  year =	 1991,
  issn =	 {0163-5719},
  pages =	 {84--87},
  numpages =	 4,
  url =		 {http://doi.acm.org/10.1145/122296.122308},
  doi =		 {10.1145/122296.122308},
  acmid =	 122308,
  publisher =	 {ACM},
  address =	 {New York, NY, USA},
}


@techreport{Lerner-Tirole:2000:economics-open-source,
  title =	 "The Simple Economics of Open Source",
  author =	 "Lerner, Josh and Tirole, Jean",
  institution =	 "National Bureau of Economic Research",
  type =	 "Working Paper",
  series =	 "Working Paper Series",
  number =	 7600,
  year =	 2000,
  month =	 "March",
  doi =		 {10.3386/w7600},
  URL =		 "http://www.nber.org/papers/w7600",
  abstract =	 {There has been a recent surge of interest in open
                  source software development, which involves
                  developers at many different locations and
                  organizations sharing code to develop and refine
                  programs.  To an economist, the behavior of
                  individual programmers and commercial companies
                  engaged in open source projects is initially
                  startling. This paper makes a preliminary
                  exploration of the economics of open source
                  software. We highlight the extent to which labor
                  economics, especially the literature on career
                  concerns,' can explain many of these projects'
                  features.  Aspects of the future of open source
                  development process, however, remain somewhat
                  difficult to predict with off-the-shelf' economic
                  models.},
}

@Article{Pitrat:1996:FGCS,
  title =	 "Implementation of a reflective system",
  journal =	 "Future Generation Computer Systems",
  volume =	 12,
  number =	 2,
  pages =	 "235 - 242",
  year =	 1996,
  issn =	 "0167-739X",
  doi =		 "https://doi.org/10.1016/0167-739X(96)00011-8",
  url =
                  "http://www.sciencedirect.com/science/article/pii/0167739X96000118",
  author =	 "Jacques Pitrat",
  keywords =	 "Reflectivity, Metaknowledge, Bootstrap"
}

@TechReport{Pitrat:2009:AST,
  title =	 {A Step toward an Artificial Artificial Intelligence
                  Scientist},
  author =	 {Jacques Pitrat},
  url =
                  {https://pdfs.semanticscholar.org/2117/9600b3f05c0af399f9acbfc6e7b6d24daf03.pdf},
  institution =	 {CNRS and LIP6 Université Paris},
  year =	 2009
}

@Book{Pitrat:2009:ArtifBeings,
  author =	 {Pitrat, Jacques},
  title =	 {Artificial Beings: The Conscience of a Conscious
                  Machine},
  year =	 2009,
  isbn =	 {978-1-848-21101-8},
  publisher =	 {Wiley ISTE}
}

@Misc{Pitrat:blog,
  author =	 {Pitrat, Jacques},
  title =	 {My view on Artificial Intelligence},
  howpublished = {blog},
  year =	 {2013-2019},
  url =
                  {http://bootstrappingartificialintelligence.fr/WordPress3/}
}

@Book{Queinnec:1996:LSP,
  author =	 {Queinnec, Christian},
  title =	 {Lisp in Small Pieces},
  year =	 1996,
  isbn =	 {0-521-56247-3},
  url =
                  {https://pages.lip6.fr/Christian.Queinnec/WWW/LiSP.html},
  publisher =	 {Cambridge University Press},
  address =	 {New York, NY, USA},
}

@article{Queinnec:2004:ContinWeb,
  author =	 {Queinnec, Christian},
  title =	 {Continuations and Web Servers},
  journal =	 {Higher Order Symbol. Comput.},
  issue_date =	 {December 2004},
  volume =	 17,
  number =	 4,
  month =	 dec,
  year =	 2004,
  issn =	 {1388-3690},
  pages =	 {277--295},
  numpages =	 19,
  url =		 {https://core.ac.uk/download/pdf/81910787.pdf},
  doi =		 {10.1007/s10990-004-4866-z},
  acmid =	 1050625,
  publisher =	 {Kluwer Academic Publishers},
  address =	 {Hingham, MA, USA},
  keywords =	 {WWW, continuations, hypertext, scheme},
}

@inproceedings{Rafkind:2009:PreciseGC,
  author =	 {Rafkind, Jon and Wick, Adam and Regehr, John and
                  Flatt, Matthew},
  title =	 {Precise Garbage Collection for C},
  booktitle =	 {Proceedings of the 2009 International Symposium on
                  Memory Management},
  series =	 {ISMM '09},
  year =	 2009,
  isbn =	 {978-1-60558-347-1},
  location =	 {Dublin, Ireland},
  pages =	 {39--48},
  numpages =	 10,
  url =		 {http://doi.acm.org/10.1145/1542431.1542438},
  doi =		 {10.1145/1542431.1542438},
  acmid =	 1542438,
  publisher =	 {ACM},
  address =	 {New York, NY, USA},
  keywords =	 {accurate, c programming language, conservative,
                  garbage collection, precise},
}

@article{Reynolds:1993:continuations,
  author =	 {Reynolds, John C.},
  title =	 {The Discoveries of Continuations},
  journal =	 {Lisp \& Symbolic Computation},
  issue_date =	 {Nov. 1993},
  volume =	 6,
  number =	 {3-4},
  month =	 nov,
  year =	 1993,
  issn =	 {0892-4635},
  pages =	 {233--248},
  numpages =	 16,
  url =		 {http://dx.doi.org/10.1007/BF01019459},
  doi =		 {10.1007/BF01019459},
  acmid =	 198114,
  publisher =	 {Kluwer Academic Publishers},
  address =	 {Hingham, MA, USA},
  keywords =	 {continuation, continuation-passing style, semantics},
}

@PhdThesis{Starynkevitch-1990-EUM,
  author =	 {Starynkevitch, Basile},
  title =	 {Expliciter et utiliser les données et le contrôle
                  pour les connaissances par des metaconnaissances :
                  systèmes \textsc{eum1} et \textsc{eum2}},
  school =	 {Université Paris 6 - LIP6},
  year =	 1990,
  month =	 {december},
  url =		 {http://www.theses.fr/1990PA066799},
  note =	 {{\small [explicitation and use of data and control
                  for knowledge with metaknowledge : the \textsc{eum1}
                  and \textsc{eum2} systems]}}
}


@inproceedings{Starynkevitch-DSL2011,
  author =	 {{Starynkevitch}, Basile},
  title =	 {{MELT} - a Translated Domain Specific Language
                  Embedded in the {GCC} Compiler},
  booktitle =	 {DSL2011 IFIP conf.},
  year =	 2011,
  journal =	 {ArXiv e-prints},
  archivePrefix ="arXiv",
  eprint =	 {1109.0779},
  primaryClass = "cs.PL",
  keywords =	 {Computer Science - Programming Languages, Computer
                  Science - Software Engineering, D.3.4, D.1.1, D.2.4,
                  D.3.2},
  month =	 sep,
  url =		 {http://adsabs.harvard.edu/abs/2011arXiv1109.0779S},
  address =	 {Bordeaux (France)}
}

@Misc{Starynkevitch-GCCMELTweb,
  author =	 {Starynkevitch, Basile},
  title =	 {{GCC MELT} website (archive)},
  url =		 {http://starynkevitch.net/Basile/gcc-melt/},
  year =	 {2008-2016},
  note =	 {(archive of the old \texttt{gcc-melt.org} site)}
}

@InProceedings{Starynkevitch:2007:Multistage,
  author =	 {Starynkevitch, Basile},
  title =	 {Multi-Stage Construction of a Global Static
                  Analyzer},
  year =	 2007,
  month =	 {july},
  pages =	 {143-152},
  booktitle =	 {GCC summit},
  address =	 {Ottawa, Canada},
  url =
                  {http://starynkevitch.net/basile/gccsummit2007-starynkevitch.pdf},
  organization = {GCC}
}

@TechReport{Starynkevitch:2019:bismon-draft,
  author =	 {Starynkevitch, Basile},
  title =	 {Specialized Static Analysis tools for more secure
                  and safer {IoT} software development. Bismon
                  documentation},
  institution =	 {CEA/LIST},
  year =	 2019,
  month =	 {oct.},
  note =	 {work in progress, H2020 draft deliverable},
  url =
                  {http://starynkevitch.net/Basile/bismon-chariot-doc.pdf}
}

@inproceedings{Tschudin:2005:HarnessingSC,
  title =	 {Harnessing Self-modifying Code for Resilient
                  Software},
  author =	 {Christian F. Tschudin and Lidia Yamamoto},
  booktitle =	 {WRAC},
  year =	 2005
}

@book{Weber:2004:SuccessOpenSource,
  author =	 {Weber, Steven},
  title =	 {The Success of Open Source},
  year =	 2004,
  isbn =	 0674012925,
  publisher =	 {Harvard University Press},
  address =	 {Cambridge, MA, USA},
}

@inproceedings{abadi:1995:imperative,
  title={An imperative object calculus},
  author={Abadi, Mart{\'\i}n and Cardelli, Luca},
  booktitle={Colloquium on Trees in Algebra and Programming},
  pages={469--485},
  year={1995},
  url={http://lucacardelli.name/Papers/PrimObjImpSIPL.A4.pdf},
  organization={Springer}
}

@book{abelson:1996:sicp,
  title =	 {Structure and interpretation of computer programs},
  author =	 {Abelson, Harold and Sussman, Gerald Jay and Sussman,
                  Julie},
  year =	 1996,
  url =
                  {https://mitpress.mit.edu/sites/default/files/sicp/index.html},
  publisher =	 {Justin Kelly}
}

@article{appel:1991:garbage,
  title =	 {Garbage collection},
  author =	 {Appel, Andrew W},
  journal =	 {Topics in Advanced Language Implementation},
  pages =	 {89--100},
  url =		 {http://flint.cs.yale.edu/cs421/papers/Appel-GC.ps},
  year =	 1991
}

@article{baker:1995:cons,
  title =	 {{CONS} should not {CONS} its arguments, part II:
                  Cheney on the MTA},
  author =	 {Baker, Henry G},
  journal =	 {ACM Sigplan Notices},
  volume =	 30,
  number =	 9,
  pages =	 {17--20},
  year =	 1995,
  url =		 {http://home.pipeline.com/~hbaker1/CheneyMTA.pdf},
  publisher =	 {ACM}
}

@TechReport{barney:2010:pthreads,
  author =	 {Blaise Barney},
  title =	 {\textsc{Posix} Threads Programming},
  institution =	 {Lawrence Livermore National Laboratory},
  year =	 2010,
  url =		 {https://computing.llnl.gov/tutorials/pthreads/}
}

@article{boehm:1988:spiral,
  title =	 {A spiral model of software development and
                  enhancement},
  author =	 {Boehm, Barry W},
  journal =	 {Computer},
  pages =	 {61--72},
  year =	 1988,
  publisher =	 {IEEE}
}

@inproceedings{briot:1987:uniform,
  title =	 {A Uniform Model for Object-Oriented Languages Using
                  the Class Abstraction.},
  author =	 {Briot, Jean-Pierre and Cointe, Pierre},
  booktitle =	 {IJCAI},
  volume =	 87,
  pages =	 {40--43},
  url =
                  {https://pdfs.semanticscholar.org/737c/69fc33a7ff6232a59556bdc9cc98f58f7a5a.pdf},
  year =	 1987
}

@article{chambers:1991:efficient,
  title =	 {An efficient implementation of {SELF}, a
                  dynamically-typed object-oriented language based on
                  prototypes},
  author =	 {Chambers, Craig and Ungar, David and Lee, Elgin},
  journal =	 {Lisp and symbolic computation},
  volume =	 4,
  number =	 3,
  pages =	 {243--281},
  year =	 1991,
  url =
                  {http://bibliography.selflanguage.org/_static/implementation.pdf},
  publisher =	 {Springer}
}

@book{charniak:2019:deep-learning,
  title =	 {Introduction to deep learning},
  author =	 {Charniak, Eugene},
  year =	 2019,
  isbn =	 {978-0-262-03951-2},
  publisher =	 {The MIT Press}
}
@misc{chazal:2016:high,
  title =	 {High-dimensional topological data analysis},
  author =	 {Chazal, Fr{\'e}d{\'e}ric},
  url =		 {https://hal.inria.fr/hal-01316989/document},
  year =	 2016
}

@inproceedings{cointe:1987:metaclasses,
  title =	 {Metaclasses are first class: the \textsc{ObjVlisp} model},
  author =	 {Cointe, Pierre},
  booktitle =	 {ACM Sigplan Notices},
  volume =	 22,
  number =	 12,
  pages =	 {156--162},
  year =	 1987,
  url =
                  {https://www.researchgate.net/profile/Pierre_Cointe/publication/221320901_Metaclasses_are_First_Class_the_ObjVlisp_Model/links/5422e2d50cf290c9e3ae2016/Metaclasses-are-First-Class-the-ObjVlisp-Model.pdf},
  organization = {ACM}
}

@book{cormen:2009:introduction,
  title =	 {Introduction to algorithms},
  author =	 {Cormen, Thomas H and Leiserson, Charles E and
                  Rivest, Ronald L and Stein, Clifford},
  year =	 2009,
  publisher =	 {MIT press}
}

@inproceedings{dormoy:1992:meta,
  title =	 {Meta-knowledge, autonomy, and (artificial)
                  evolution: some lessons learnt so far},
  author =	 {Dormoy, Jean-Luc and Kornman, Sylvie},
  booktitle =	 {Toward a Practice of Autonomous Systems: Proceedings
                  of the First European Conference on Artificial Life},
  pages =	 392,
  year =	 1992,
  url =		 {http://dormoy.org/JLuc/Papers/ECAL91.pdf},
  organization = {MIT Press}
}

@TechReport{drepper:2011:write-shared-lib,
  title={How to write shared libraries},
  author={Drepper, Ulrich},
  url={https://www.akkadia.org/drepper/dsohowto.pdf},
  year={2011}
}

@TechReport{fouet-starynkevitch:describing-control:1987,
  author =	 {Fouet, Jean-Marc and Starynkevitch, Basile},
  title =	 {Describing control},
  institution =	 {CEA},
  year =	 1987,
  url =
                  {https://inis.iaea.org/collection/NCLCollectionStore/\_Public/19/059/19059867.pdf},
  number =	 {FR8801379/CEA-CONF--9239},
  month =	 {august},
  annote =	 {has been submitted to 10\textsuperscript{th} IJCAI}
}

@inproceedings{greiner:1980:representation,
  title={A Representation Language Language},
  author={Greiner, Russell and Lenat, Douglas B},
  booktitle={AAAI},
  volume={1},
  pages={165--169},
  url={http://new.aaai.org/Papers/AAAI/1980/AAAI80-047.pdf},
  year={1980}
}

@inproceedings{hernandez-phillips:2019:debugging-bootstrap,
  TITLE = {{Challenges in Debugging Bootstraps of Reflective Kernels}},
  AUTHOR = {Hern{\'a}ndez Phillips, Carolina and Polito, Guillermo and Fabresse, Luc and Ducasse, St{\'e}phane and Bouraqadi, Noury and Tesone, Pablo},
  URL = {https://hal.archives-ouvertes.fr/hal-02297710},
  BOOKTITLE = {{IWST19 - International workshop on Smalltalk Technologies}},
  ADDRESS = {Cologne, Germany},
  YEAR = {2019},
  MONTH = Aug,
  KEYWORDS = {IoT ; bootstrap ; language kernels},
  PDF = {https://hal.archives-ouvertes.fr/hal-02297710/file/main.pdf},
  HAL_ID = {hal-02297710},
  HAL_VERSION = {v1},
}

@book{hofstadter:2007:strange-loop,
  title =	 {I am a strange loop},
  author =	 {Hofstadter, Douglas R},
  year =	 2007,
  isbn =	 {978-0-465-03078-1},
  publisher =	 {Basic books}
}

@book{jones:2016:gchandbook,
  title =	 {The garbage collection handbook: the art of
                  automatic memory management},
  author =	 {Jones, Richard and Hosking, Antony and Moss, Eliot},
  year =	 2016,
  url =		 {http://gchandbook.org/},
  publisher =	 {{Chapman and Hall/CRC}}
}

@inproceedings{kay:1996:early-smalltalk,
  title =	 {The early history of Smalltalk},
  author =	 {Kay, Alan C},
  booktitle =	 {History of programming languages---II},
  pages =	 {511--598},
  year =	 1996,
  url =
                  {http://esug.org/data/HistoricalDocuments/Smalltalk80/SmalltalkHistory.pdf},
  organization = {ACM}
}

@article{kelsey:1998:r5rs,
  title =	 {Revised 5\textsuperscript{th} report on the
                  algorithmic language Scheme},
  author =	 {Kelsey, Richard and Clinger, William and Rees,
                  Jonathan and others},
  year =	 1998,
  url =		 {https://schemers.org/Documents/Standards/R5RS/},
  publisher =	 {Citeseer}
}

@article{kumar:2015:importance-expert-systems,
  title =	 {Importance of expert system shell in development of
                  expert system},
  author =	 {Kumar, Sanjay and Prasad, Rajkishore},
  journal =	 {International journal of innovative research \&
                  development},
  volume =	 4,
  number =	 3,
  pages =	 {128--133},
  year =	 2015,
  url =
                  "http://citeseerx.ist.psu.edu/viewdoc/download?doi=10.1.1.854.6373&rep=rep1&type=pdf",
  publisher =	 {Citeseer}
}

@book{levene:2012:relational-databases,
  title =	 {A guided tour of relational databases and beyond},
  author =	 {Levene, Mark and Loizou, George},
  year =	 2012,
  publisher =	 {Springer Science \& Business Media}
}

@Book{levine:1999:linkers-loaders,
  author = 	 {Levine, John R.},
  title = 	 {Linkers and loaders},
  publisher = 	 {Morgan-Kauffman},
  year = 	 1999,
  month = 	 {october},
  isbn = {1-55860-496-0},
  url = {https://www.iecc.com/linker/}}

@inproceedings{matthews:2005:operational,
  title =	 {An operational semantics for R5RS Scheme},
  author =	 {Matthews, Jacob and Findler, Robert Bruce},
  booktitle =	 {Proceedings of the Sixth Workshop on Scheme and
                  Functional Programming},
  pages =	 {41--54},
  year =	 2005,
  url =
                  {http://citeseerx.ist.psu.edu/viewdoc/download?doi=10.1.1.118.9251&rep=rep1&type=pdf#page=47},
  organization = {Citeseer}
}

@article{mazur:2004:compile,
  title =	 {Compile-time garbage collection for the declarative
                  language \textsc{Mercury}},
  author =	 {Mazur, Nancy},
  url =		 {https://lirias.kuleuven.be/retrieve/77222},
  year =	 2004
}

@article{nigro:2008:meta,
  title =	 {The meta-inferences engine: A new tool to manipulate
                  metaknowledge},
  author =	 {Nigro, Jean-Marc and Barloy, Yann},
  journal =	 {Knowledge-Based Systems},
  volume =	 21,
  number =	 7,
  pages =	 {588--598},
  url =
                  {http://www.math.s.chiba-u.ac.jp/~yasuda/open2all/Paris06/IPMU2006/HTML/FINALPAPERS/P437.PDF},
  year =	 2008,
  publisher =	 {Elsevier}
}

@book{oneil:2016:weapons,
  title =	 {Weapons of math destruction: How big data increases
                  inequality and threatens democracy},
  author =	 {O'Neil, Cathy},
  year =	 2016,
  publisher =	 {Broadway Books},
  url =
                  {https://en.wikipedia.org/wiki/Weapons\_of\_Math\_Destruction},
  isbn =	 9780553418811
}

@book{queinnec:2003:lisp,
  title =	 {Lisp in small pieces},
  author =	 {Queinnec, Christian},
  year =	 2003,
  publisher =	 {Cambridge University Press}
}

@inproceedings{serrano:1995:bigloo,
  title={Bigloo: a portable and optimizing compiler for strict functional languages},
  author={Serrano, Manuel and Weis, Pierre},
  booktitle={International Static Analysis Symposium},
  pages={366--381},
  year={1995},
  url={http://citeseerx.ist.psu.edu/viewdoc/download?doi=10.1.1.50.8424&rep=rep1&type=pdf},
  organization={Springer}
}

@article{voigt:2017:eu-gdpr,
  title =	 {The \emph{EU} \textsc{general data protection
                  regulation}},
  author =	 {Voigt, Paul and Von dem Bussche, Axel},
  journal =	 {A Practical Guide, 1st Ed., Cham: Springer
                  International Publishing},
  year =	 2017,
  isbn =	 {978-3-319-57958-0},
  publisher =	 {Springer}
}

@inproceedings{wilson:1992:uniprocessorgc,
  title =	 {Uniprocessor garbage collection techniques},
  author =	 {Wilson, Paul R},
  booktitle =	 {International Workshop on Memory Management},
  pages =	 {1--42},
  year =	 1992,
  url =		 {http://3e8.org/pub/scheme/doc/gcsurvey.pdf},
  organization = {Springer}
}

@article{zuboff:2015:big-other,
  title =	 {Big other: surveillance capitalism and the prospects
                  of an information civilization},
  author =	 {Zuboff, Shoshana},
  journal =	 {Journal of Information Technology},
  volume =	 30,
  number =	 1,
  pages =	 {75--89},
  year =	 2015,
  url =		 {https://cryptome.org/2015/07/big-other.pdf},
  publisher =	 {Springer}
}
