
@Article{Pitrat:1996:FGCS,
  title =	 "Implementation of a reflective system",
  journal =	 "Future Generation Computer Systems",
  volume =	 12,
  number =	 2,
  pages =	 "235 - 242",
  year =	 1996,
  issn =	 "0167-739X",
  doi =		 "https://doi.org/10.1016/0167-739X(96)00011-8",
  url =
                  "http://www.sciencedirect.com/science/article/pii/0167739X96000118",
  author =	 "Jacques Pitrat",
  keywords =	 "Reflectivity, Metaknowledge, Bootstrap"
}

@TechReport{Pitrat:2009:AST,
  title =	 {A Step toward an Artificial Artificial Intelligence
                  Scientist},
  author =	 {Jacques Pitrat},
  url =
                  {https://pdfs.semanticscholar.org/2117/9600b3f05c0af399f9acbfc6e7b6d24daf03.pdf},
  institution =	 {CNRS and LIP6 Universit√© Paris},
  year =	 2009
}

@Book{Pitrat:2009:ArtifBeings,
  author =	 {Pitrat, Jacques},
  title =	 {Artificial Beings: The Conscience of a Conscious
                  Machine},
  year =	 2009,
  isbn =	 {978-1-848-21101-8},
  publisher =	 {Wiley ISTE}
}

@Misc{Pitrat:blog,
  author =	 {Pitrat, Jacques},
  title =	 {My view on Artificial Intelligence},
  howpublished = {blog},
  year =	 {2013-2019},
  url =
                  {http://bootstrappingartificialintelligence.fr/WordPress3/}
} 
@Book{Queinnec:1996:LSP,
  author =	 {Queinnec, Christian},
  title =	 {Lisp in Small Pieces},
  year =	 1996,
  isbn =	 {0-521-56247-3},
  url =
                  {https://pages.lip6.fr/Christian.Queinnec/WWW/LiSP.html},
  publisher =	 {Cambridge University Press},
  address =	 {New York, NY, USA},
}

@article{Queinnec:2004:ContinWeb,
  author =	 {Queinnec, Christian},
  title =	 {Continuations and Web Servers},
  journal =	 {Higher Order Symbol. Comput.},
  issue_date =	 {December 2004},
  volume =	 17,
  number =	 4,
  month =	 dec,
  year =	 2004,
  issn =	 {1388-3690},
  pages =	 {277--295},
  numpages =	 19,
  url =		 {https://core.ac.uk/download/pdf/81910787.pdf},
  doi =		 {10.1007/s10990-004-4866-z},
  acmid =	 1050625,
  publisher =	 {Kluwer Academic Publishers},
  address =	 {Hingham, MA, USA},
  keywords =	 {WWW, continuations, hypertext, scheme},
}

@InProceedings{Starynkevitch:2007:Multistage,
  author =	 {Starynkevitch, Basile},
  title =	 {Multi-Stage Construction of a Global Static
                  Analyzer},
  year =	 2007,
  month =	 {july},
  pages =	 {143-152},
  booktitle =	 {GCC summit},
  address =	 {Ottawa, Canada},
  url =
                  {http://starynkevitch.net/basile/gccsummit2007-starynkevitch.pdf},
  organization = {GCC}
}

@TechReport{Starynkevitch:2019:bismon-draft,
  author = 	 {Starynkevitch, Basile},
  title = 	 {Specialized Static Analysis tools for more secure and safer {IoT} software development. Bismon documentation},
  institution =  {CEA/LIST},
  year = 	 {2019},
  month = {oct.},
  note = {work in progress, H2020 draft deliverable},
  url = {http://starynkevitch.net/Basile/bismon-chariot-doc.pdf}
  }

@TechReport{fouet-starynkevitch:describing-control:1987,
  author =	 {Fouet, Jean-Marc and Starynkevitch, Basile},
  title =	 {Describing control},
  institution =	 {CEA},
  year =	 1987,
  url =
                  {https://inis.iaea.org/collection/NCLCollectionStore/\_Public/19/059/19059867.pdf},
  number =	 {FR8801379/CEA-CONF--9239},
  month =	 {august},
  annote =	 {has been submitted to 10\textsuperscript{th} IJCAI}
}